@book{numerical_recipes,
    title={Numerical Recipes 3rd Edition: The Art of Scientific Computing},
    author={Press, W.H. and Teukolsky, S.A. and Vetterling, W.T. and Flannery, B.P.},
    isbn={9780521880688},
    lccn={89015841},
    url={https://books.google.ca/books?id=1aAOdzK3FegC},
    year={2007},
    publisher={Cambridge University Press}
}
@book{risken_fpe,
    title={The Fokker-Planck Equation: Methods of Solution and Applications},
    author={Risken, H.},
    isbn={9783642968075},
    series={Springer Series in Synergetics},
    url={https://books.google.ca/books?id=dXvpCAAAQBAJ},
    year={2012},
    publisher={Springer Berlin Heidelberg}
}
@book{gardiner_stochastic_ref,
    title={Stochastic Methods: A Handbook for the Natural and Social Sciences},
    author={Gardiner, C.},
    isbn={9783540707127},
    lccn={2008936877},
    series={Springer Series in Synergetics},
    url={https://books.google.ca/books?id=otg3PQAACAAJ},
    year={2009},
    publisher={Springer Berlin Heidelberg}
}
@book{berg_rnd_walks,
    title={Random Walks in Biology},
    author={Berg, H.C.},
    isbn={9780691000640},
    lccn={93012708},
    series={Princeton paperbacks},
    url={https://books.google.ca/books?id=G989DwAAQBAJ},
    year={1993},
    publisher={Princeton University Press}
}
@book{kloeden1992,
    title={Numerical Solution of Stochastic Differential Equations},
    author={Kloeden, P.E. and Platen, E.},
    isbn={9783540540625},
    lccn={92015916},
    series={Applications of Mathematics},
    url={https://books.google.ca/books?id=7bkZAQAAIAAJ},
    year={1992},
    publisher={Springer-Verlag}
}
@book{van2011stochastic,
    title={Stochastic Processes in Physics and Chemistry},
    author={Van Kampen, N.G.},
    isbn={9780080475363},
    series={North-Holland Personal Library},
    url={https://books.google.ca/books?id=N6II-6HlPxEC},
    year={2011},
    publisher={Elsevier Science}
}
@book{jacobs_stochastic,
    title={Stochastic Processes for Physicists: Understanding Noisy Systems},
    author={Jacobs, K.},
    isbn={9781139486798},
    url={https://books.google.ca/books?id=bx8yN2IfE8kC},
    year={2010},
    publisher={Cambridge University Press}
}
@book{boyd2013chebyshev,
    title={Chebyshev and Fourier Spectral Methods: Second Revised Edition},
    author={Boyd, J.P.},
    isbn={9780486141923},
    series={Dover Books on Mathematics},
    url={https://books.google.ca/books?id=b4TCAgAAQBAJ},
    year={2013},
    publisher={Dover Publications}
}
@book{leveque2007finite,
    title={Finite Difference Methods for Ordinary and Partial Differential Equations: Steady-State and Time-Dependent Problems},
    author={LeVeque, R.J.},
    isbn={9780898717839},
    lccn={2007061732},
    series={Other Titles in Applied Mathematics},
    url={https://books.google.ca/books?id=lZysESfSWwgC},
    year={2007},
    publisher={Society for Industrial and Applied Mathematics}
}
@article{hadamard1902,
    title={Sur les probl\`{e}mes aux d\'{e}riv\'{e}e partielles et leur signification physique.},
    author={Hadamard, Jacques},
    year={1902},
    volume={13},
    pages={49-52},
    journal={Princeton University Bulletin}
}
@book{trefethen2000spectral,
    title={Spectral Methods in MATLAB},
    author={Trefethen, L.N.},
    isbn={9780898719598},
    lccn={00036559},
    series={Software, Environments, and Tools},
    url={https://books.google.ca/books?id=9Zu4YqPQKocC},
    year={2000},
    publisher={Society for Industrial and Applied Mathematics (SIAM, 3600 Market Street, Floor 6, Philadelphia, PA 19104)}
}
@article{FFTW05,
    author = 	 {Frigo, Matteo and Johnson, Steven~G.},
    title = 	 {The Design and Implementation of {FFTW3}},
    journal = 	 {Proceedings of the IEEE},
    year = 	 2005,
    volume =	 93,
    number =	 2,
    pages =	 {216--231},
    note =	 {Special issue on ``Program Generation, Optimization, and Platform Adaptation''}
}
@article{cooley1965,
    author={Cooley, James W. and Tukey, John W.},
    title={An algorithm for the machine calculation of complex {F}ourier series},
    journal={Mathematical Computation},
    volume={19},
    number={90},
    pages={297-300},
    year={1965}
}
@article{ascher1995,
    author={Ascher, U. M. and Ruuth, S. J. and Wetton, B. T. R.},
    title={Implicit-explicit methods for time-dependent {PDE}'s},
    journal={SIAM Journal of Numerical Analysis},
    volume={32},
    pages={797-823},
    year={1995}
}
@book{reif2009fundamentals,
    title={Fundamentals of Statistical and Thermal Physics},
    author={Reif, F.},
    isbn={9781478610052},
    url={https://books.google.ca/books?id=ObsbAAAAQBAJ},
    year={2009},
    publisher={Waveland Press}
}
@article{kassam2005,
    title={Fourth-order time stepping for stiff {PDE}s},
    author={Kassam, A. K. and Trefethen, L. N.},
    year={2005},
    journal={SIAM Journal on Scientific Computing},
    volume={26},
    pages={1215-1233}
}
@article{cox2002,
    title={Exponential time differencing for stiff systems},
    author={Cox, S. M. and Matthews, P. C.},
    year={2002},
    journal={Journal of Computational Physics},
    volume={176},
    pages={430-455}
}
@book{fletcher2013computational,
    title={Computational Techniques for Fluid Dynamics 1: Fundamental and General Techniques},
    author={Fletcher, C.A.J.},
    isbn={9783642970351},
    series={Springer Series in Computational Physics},
    url={https://books.google.ca/books?id=T2TyCAAAQBAJ},
    year={2013},
    publisher={Springer Berlin Heidelberg}
}
@book{butcher2008numerical,
    title={Numerical Methods for Ordinary Differential Equations},
    author={Butcher, J.C.},
    isbn={9780470753750},
    url={https://books.google.ca/books?id=opd2NkBmMxsC},
    year={2008},
    publisher={Wiley}
}
@article{Kolomeisky2013,
    author={Anatoly B Kolomeisky},
    title={Motor proteins and molecular motors: how to operate machines at the nanoscale},
    journal={J. Phys. Condens. Matter},
    volume={25},
    number={46},
    pages={463101},
    url={http://stacks.iop.org/0953-8984/25/i=46/a=463101},
    year={2013},
    abstract={Several classes of biological molecules that transform chemical energy into mechanical work are known as motor proteins or molecular motors. These nanometer-sized machines operate in noisy stochastic isothermal environments, strongly supporting fundamental cellular processes such as the transfer of genetic information, transport, organization and functioning. In the past two decades motor proteins have become a subject of intense research efforts, aimed at uncovering the fundamental principles and mechanisms of molecular motor dynamics. In this review, we critically discuss recent progress in experimental and theoretical studies on motor proteins. Our focus is on analyzing fundamental concepts and ideas that have been utilized to explain the non-equilibrium nature and mechanisms of molecular motors.}
}
@article{Okuno2011,
author = {Okuno, Daichi and Iino, Ryota and Noji, Hiroyuki},
title = "{Rotation and structure of FoF1-ATP synthase}",
journal = {The Journal of Biochemistry},
volume = {149},
number = {6},
pages = {655-664},
year = {2011},
month = {04},
issn = {0021-924X},
doi = {10.1093/jb/mvr049},
url = {https://doi.org/10.1093/jb/mvr049},
eprint = {http://oup.prod.sis.lan/jb/article-pdf/149/6/655/6444152/mvr049.pdf},
}

